@article{knuth84,
  author = {Knuth, Donald E.},
  title = {Literate Programming},
  year = {1984},
  issue_date = {May 1984},
  publisher = {Oxford University Press, Inc.},
  address = {USA},
  volume = {27},
  number = {2},
  issn = {0010-4620},
  url = {https://doi.org/10.1093/comjnl/27.2.97},
  doi = {10.1093/comjnl/27.2.97},
  journal = {Comput. J.},
  month = may,
  pages = {97â€“111},
  numpages = {15}
}



@book{salganik2017,
	title = {Bit by Bit: Social Research in the Digital Age},
	author = {Salganik, Matthew J.},
	year = {2017},
	date = {2017},
	publisher = {Princeton University Press},
	address = {Princeton, NJ.}
}

@article{lazer2020,
	title = {Computational social science: Obstacles and opportunities},
	author = {Lazer, David M. J. and Pentland, Alex and Watts, Duncan J. and Aral, Sinan and Athey, Susan and Contractor, Noshir and Freelon, Deen and Gonzalez-Bailon, Sandra and King, Gary and Margetts, Helen and Nelson, Alondra and Salganik, Matthew J. and Strohmaier, Markus and Vespignani, Alessandro and Wagner, Claudia},
	year = {2020},
	month = {08},
	date = {2020-08-28},
	journal = {Science},
	pages = {1060--1062},
	volume = {369},
	number = {6507},
	doi = {10.1126/science.aaz8170},
	url = {https://www.science.org/doi/10.1126/science.aaz8170},
	langid = {en}
}

@article{lazer2021,
	title = {Meaningful measures of human society in the twenty-first century},
	author = {Lazer, David and Hargittai, Eszter and Freelon, Deen and Gonzalez-Bailon, Sandra and Munger, Kevin and Ognyanova, Katherine and Radford, Jason},
	year = {2021},
	month = {07},
	date = {2021-07},
	journal = {Nature},
	pages = {189--196},
	volume = {595},
	number = {7866},
	doi = {10.1038/s41586-021-03660-7},
	url = {https://www.nature.com/articles/s41586-021-03660-7},
	note = {Number: 7866
Publisher: Nature Publishing Group},
	langid = {en}
}
